[gd_scene load_steps=24 format=3 uid="uid://cbq24gaxds65e"]

[ext_resource type="Texture2D" uid="uid://11q77qb8nghu" path="res://resources/actors/actor_man.png" id="1_3gasn"]
[ext_resource type="Script" path="res://actors/player.gd" id="1_8alnh"]

[sub_resource type="AtlasTexture" id="AtlasTexture_np55h"]
atlas = ExtResource("1_3gasn")
region = Rect2(72, 64, 24, 32)

[sub_resource type="AtlasTexture" id="AtlasTexture_g4hy5"]
atlas = ExtResource("1_3gasn")
region = Rect2(72, 96, 24, 32)

[sub_resource type="AtlasTexture" id="AtlasTexture_pm4dk"]
atlas = ExtResource("1_3gasn")
region = Rect2(72, 32, 24, 32)

[sub_resource type="AtlasTexture" id="AtlasTexture_ngn1q"]
atlas = ExtResource("1_3gasn")
region = Rect2(72, 0, 24, 32)

[sub_resource type="AtlasTexture" id="AtlasTexture_lhqxv"]
atlas = ExtResource("1_3gasn")
region = Rect2(24, 64, 24, 32)

[sub_resource type="AtlasTexture" id="AtlasTexture_ga1on"]
atlas = ExtResource("1_3gasn")
region = Rect2(24, 96, 24, 32)

[sub_resource type="AtlasTexture" id="AtlasTexture_4u8vr"]
atlas = ExtResource("1_3gasn")
region = Rect2(24, 32, 24, 32)

[sub_resource type="AtlasTexture" id="AtlasTexture_7ymtr"]
atlas = ExtResource("1_3gasn")
region = Rect2(24, 0, 24, 32)

[sub_resource type="AtlasTexture" id="AtlasTexture_uchdr"]
atlas = ExtResource("1_3gasn")
region = Rect2(0, 64, 24, 32)

[sub_resource type="AtlasTexture" id="AtlasTexture_vhxaj"]
atlas = ExtResource("1_3gasn")
region = Rect2(24, 64, 24, 32)

[sub_resource type="AtlasTexture" id="AtlasTexture_3jsk6"]
atlas = ExtResource("1_3gasn")
region = Rect2(48, 64, 24, 32)

[sub_resource type="AtlasTexture" id="AtlasTexture_cscns"]
atlas = ExtResource("1_3gasn")
region = Rect2(0, 96, 24, 32)

[sub_resource type="AtlasTexture" id="AtlasTexture_j64jp"]
atlas = ExtResource("1_3gasn")
region = Rect2(24, 96, 24, 32)

[sub_resource type="AtlasTexture" id="AtlasTexture_dae3i"]
atlas = ExtResource("1_3gasn")
region = Rect2(48, 96, 24, 32)

[sub_resource type="AtlasTexture" id="AtlasTexture_byh3d"]
atlas = ExtResource("1_3gasn")
region = Rect2(0, 32, 24, 32)

[sub_resource type="AtlasTexture" id="AtlasTexture_flrvs"]
atlas = ExtResource("1_3gasn")
region = Rect2(24, 32, 24, 32)

[sub_resource type="AtlasTexture" id="AtlasTexture_kj8tv"]
atlas = ExtResource("1_3gasn")
region = Rect2(48, 32, 24, 32)

[sub_resource type="AtlasTexture" id="AtlasTexture_ia3i8"]
atlas = ExtResource("1_3gasn")
region = Rect2(0, 0, 24, 32)

[sub_resource type="AtlasTexture" id="AtlasTexture_rtr43"]
atlas = ExtResource("1_3gasn")
region = Rect2(24, 0, 24, 32)

[sub_resource type="AtlasTexture" id="AtlasTexture_vgs81"]
atlas = ExtResource("1_3gasn")
region = Rect2(48, 0, 24, 32)

[sub_resource type="SpriteFrames" id="SpriteFrames_7ngpn"]
animations = [{
"frames": [{
"duration": 1.0,
"texture": SubResource("AtlasTexture_np55h")
}],
"loop": true,
"name": &"died_down",
"speed": 5.0
}, {
"frames": [{
"duration": 1.0,
"texture": SubResource("AtlasTexture_g4hy5")
}],
"loop": true,
"name": &"died_left",
"speed": 5.0
}, {
"frames": [{
"duration": 1.0,
"texture": SubResource("AtlasTexture_pm4dk")
}],
"loop": true,
"name": &"died_right",
"speed": 5.0
}, {
"frames": [{
"duration": 1.0,
"texture": SubResource("AtlasTexture_ngn1q")
}],
"loop": true,
"name": &"died_up",
"speed": 5.0
}, {
"frames": [{
"duration": 1.0,
"texture": SubResource("AtlasTexture_lhqxv")
}],
"loop": true,
"name": &"idle_down",
"speed": 5.0
}, {
"frames": [{
"duration": 1.0,
"texture": SubResource("AtlasTexture_ga1on")
}],
"loop": true,
"name": &"idle_left",
"speed": 5.0
}, {
"frames": [{
"duration": 1.0,
"texture": SubResource("AtlasTexture_4u8vr")
}],
"loop": true,
"name": &"idle_right",
"speed": 5.0
}, {
"frames": [{
"duration": 1.0,
"texture": SubResource("AtlasTexture_7ymtr")
}],
"loop": true,
"name": &"idle_up",
"speed": 5.0
}, {
"frames": [{
"duration": 1.0,
"texture": SubResource("AtlasTexture_uchdr")
}, {
"duration": 1.0,
"texture": SubResource("AtlasTexture_vhxaj")
}, {
"duration": 1.0,
"texture": SubResource("AtlasTexture_3jsk6")
}, {
"duration": 1.0,
"texture": SubResource("AtlasTexture_vhxaj")
}],
"loop": true,
"name": &"walk_down",
"speed": 4.0
}, {
"frames": [{
"duration": 1.0,
"texture": SubResource("AtlasTexture_cscns")
}, {
"duration": 1.0,
"texture": SubResource("AtlasTexture_j64jp")
}, {
"duration": 1.0,
"texture": SubResource("AtlasTexture_dae3i")
}, {
"duration": 1.0,
"texture": SubResource("AtlasTexture_j64jp")
}],
"loop": true,
"name": &"walk_left",
"speed": 4.0
}, {
"frames": [{
"duration": 1.0,
"texture": SubResource("AtlasTexture_byh3d")
}, {
"duration": 1.0,
"texture": SubResource("AtlasTexture_flrvs")
}, {
"duration": 1.0,
"texture": SubResource("AtlasTexture_kj8tv")
}, {
"duration": 1.0,
"texture": SubResource("AtlasTexture_flrvs")
}],
"loop": true,
"name": &"walk_right",
"speed": 4.0
}, {
"frames": [{
"duration": 1.0,
"texture": SubResource("AtlasTexture_ia3i8")
}, {
"duration": 1.0,
"texture": SubResource("AtlasTexture_rtr43")
}, {
"duration": 1.0,
"texture": SubResource("AtlasTexture_vgs81")
}, {
"duration": 1.0,
"texture": SubResource("AtlasTexture_rtr43")
}],
"loop": true,
"name": &"walk_up",
"speed": 4.0
}]

[node name="Player" type="Node2D"]
script = ExtResource("1_8alnh")

[node name="Sprite2D" type="Sprite2D" parent="."]
visible = false
texture = ExtResource("1_3gasn")
hframes = 4
vframes = 4
frame = 8

[node name="animatedSprite2D" type="AnimatedSprite2D" parent="."]
sprite_frames = SubResource("SpriteFrames_7ngpn")
animation = &"walk_up"
autoplay = "idle_down"
offset = Vector2(0, -8)
